 @book{car22, place={London}, title={Alice's adventures in Wonderland \& Through the Looking Glass}, publisher={William Collins, an imprint of HarperCollinsPublishers}, author={Carroll, Lewis}, year={2022}} 
 
  @book{wei17, place={Providence, RI}, title={An illustrated theory of numbers}, publisher={American Mathematical Society}, author={Weissman, Martin H.}, year={2017}} 
  
  @article{sin13, title={Why is the number 1729 hidden in Futurama episodes?}, publisher={BBC News}, author = {Singh, Simon}, year={2013}}
  
  
  @incollection{mar22, 
  	author={Mares, Edwin}, 
  	title={Relevance Logic}, 
  	book={The Stanford Encyclopedia of Philosophy (Fall 2022 Edition)}, 
  	editor={Edward N. Zalta & Uri Nodelman}, 
  	year={2022}
  	howpublished ={ \url{https://plato.stanford.edu/archives/fall2022/entries/logic-relevance}}
  }

@article{woo15, 
	author={Wood,Stephanie},
    title={Terence Tao: the Mozart of maths},
    year={2015},
      	howpublished ={ \url{https://www.smh.com.au/lifestyle/terence-tao-the-mozart-of-maths-20150216-13fwcv.html}}
}

@MISC {437576,
	TITLE = {Are there any Fibonacci numbers that are sandwiched between twin primes?},
	AUTHOR = {Gorodetsky, Ofir (https://mathoverflow.net/users/31469/ofir-gorodetsky)},
	HOWPUBLISHED = {MathOverflow},
	NOTE = {URL:https://mathoverflow.net/q/437576 (version: 2022-12-31)},
	EPRINT = {https://mathoverflow.net/q/437576},
	URL = {https://mathoverflow.net/q/437576}
}
  